<?xml version="1.0" encoding="UTF-8"?><collection xmlns="http://www.loc.gov/MARC21/slim"><record><leader>00397nam--2200145-i-4500</leader><controlfield tag="001">000001575</controlfield><controlfield tag="002">20161230</controlfield><controlfield tag="005">20161230201024</controlfield><controlfield tag="008">060222s1000------------r-----000-0-eng-d</controlfield><datafield ind1=" " ind2=" " tag="080"><subfield code="a">517.962.2</subfield></datafield><datafield ind1=" " ind2=" " tag="100"><subfield code="a">Godunov, S.K., Reabenski, V.S</subfield></datafield><datafield ind1=" " ind2=" " tag="245"><subfield code="a">Scheme de calcul cu diferente finite</subfield></datafield><datafield ind1=" " ind2=" " tag="260"><subfield code="a">Bucuresti, Editura Tehnica, 1977. 430 P</subfield></datafield><datafield ind1=" " ind2=" " tag="852"><subfield code="a">44703</subfield><subfield code="c">517.9</subfield></datafield><datafield ind1=" " ind2=" " tag="CAT"><subfield code="a">Sys</subfield><subfield code="c">20081023</subfield><subfield code="h">121945</subfield></datafield></record></collection>